<?xml version="1.0" encoding="UTF-8"?><collection xmlns="http://www.loc.gov/MARC21/slim"><record><leader>00399nam--2200121-i-4500</leader><controlfield tag="001">000029133</controlfield><controlfield tag="002">20161230</controlfield><controlfield tag="005">20161230201037</controlfield><controlfield tag="008">060222s1000------------r-----000-0-eng-d</controlfield><datafield ind1=" " ind2=" " tag="080"><subfield code="a">62(38)=590:801.323.0=590</subfield></datafield><datafield ind1=" " ind2=" " tag="245"><subfield code="a">Lexiconul tehnic roman. elaborare noua, inntocmita prin ingrijirea asit de un colectiv sub conducerea prof.dr.ing.remus radulet</subfield></datafield><datafield ind1=" " ind2=" " tag="260"><subfield code="a">Bucuresti, Ed.Tehnica, 1957</subfield></datafield><datafield ind1=" " ind2=" " tag="852"><subfield code="a">D.40</subfield></datafield></record></collection>